@misc{celo,
  title={An Analysis of the Stability Characteristics of Celo},
  author={cLabs-Team},
  howpublished={\url{https://celo.org/papers/stability}}
}